<record><leader>00000cas a2200000 a 4500</leader><controlfield tag="001">28399998</controlfield><controlfield tag="008">930708d18851885caudn ne      0    0eng c</controlfield><datafield ind1=" " ind2=" " tag="010"><subfield code="a">sn 93051504 </subfield></datafield><datafield ind1=" " ind2=" " tag="040"><subfield code="a">CUY</subfield><subfield code="b">eng</subfield><subfield code="c">CNK</subfield><subfield code="d">OCLCQ</subfield><subfield code="d">CNK</subfield><subfield code="d">OCLCQ</subfield><subfield code="d">OCLCF</subfield><subfield code="d">OCLCO</subfield></datafield><datafield ind1="1" ind2=" " tag="029"><subfield code="a">AU@</subfield><subfield code="b">000025893820</subfield></datafield><datafield ind1=" " ind2=" " tag="042"><subfield code="a">pcc</subfield></datafield><datafield ind1=" " ind2=" " tag="043"><subfield code="a">n-us-ca</subfield></datafield><datafield ind1="0" ind2="0" tag="245"><subfield code="a">San Jose times-Mercury.</subfield></datafield><datafield ind1=" " ind2=" " tag="260"><subfield code="a">San Jose, Calif. :</subfield><subfield code="b">C.M. Shortridge</subfield></datafield><datafield ind1=" " ind2=" " tag="300"><subfield code="a">v.</subfield></datafield><datafield ind1=" " ind2=" " tag="310"><subfield code="a">Daily (except Mon.)</subfield></datafield><datafield ind1="0" ind2=" " tag="362"><subfield code="a">Vol. 12, no. 11 (Jan. 8, 1885)-v. 12, no. 159 (June 30, 1885).</subfield></datafield><datafield ind1=" " ind2=" " tag="530"><subfield code="a">Master negatives are available for duplication from:</subfield><subfield code="b">California Newspaper Microfilm Archive;</subfield><subfield code="c">positive copies may be purchased by the reel; for further information consult the CNMA at:</subfield><subfield code="u">http://cbsr.ucr.edu</subfield></datafield><datafield ind1=" " ind2="0" tag="651"><subfield code="a">San Jose (Calif.)</subfield><subfield code="v">Newspapers.</subfield></datafield><datafield ind1=" " ind2="7" tag="655"><subfield code="a">Newspapers.</subfield><subfield code="2">fast</subfield><subfield code="0">(OCoLC)fst01423814</subfield></datafield><datafield ind1=" " ind2="7" tag="651"><subfield code="a">California</subfield><subfield code="z">San Jose.</subfield><subfield code="2">fast</subfield><subfield code="0">(OCoLC)fst01206320</subfield></datafield><datafield ind1=" " ind2=" " tag="752"><subfield code="a">United States</subfield><subfield code="b">California</subfield><subfield code="c">Santa Clara</subfield><subfield code="d">San Jose.</subfield></datafield><datafield ind1="0" ind2=" " tag="775"><subfield code="t">Times-Mercury weekly</subfield><subfield code="w">(DLC)sn 93051493</subfield></datafield><datafield ind1="0" ind2="0" tag="780"><subfield code="t">Times-Mercury (San Jose, Calif.)</subfield><subfield code="w">(DLC)sn 93051503</subfield></datafield><datafield ind1="0" ind2="5" tag="780"><subfield code="t">San Jose morning republic</subfield><subfield code="w">(DLC)sn 93051498</subfield></datafield><datafield ind1="0" ind2="0" tag="785"><subfield code="t">San Jose daily Mercury (San Jose, Calif. : 1885)</subfield><subfield code="w">(DLC)sn 93051505</subfield></datafield></record>